<record><leader>00000cas a2200000 a 4500</leader><controlfield tag="001">13400036</controlfield><controlfield tag="008">860407d19061949mouwr ne      0    0eng d</controlfield><datafield ind1=" " ind2=" " tag="010"><subfield code="a">sn 86064482 </subfield></datafield><datafield ind1=" " ind2=" " tag="040"><subfield code="a">KSH</subfield><subfield code="b">eng</subfield><subfield code="c">KSH</subfield><subfield code="d">NPT</subfield><subfield code="d">MQN</subfield><subfield code="d">OCL</subfield><subfield code="d">OCLCQ</subfield></datafield><datafield ind1=" " ind2=" " tag="042"><subfield code="a">msc</subfield></datafield><datafield ind1="0" ind2=" " tag="130"><subfield code="a">Jefferson County republican (De Soto, Mo.)</subfield></datafield><datafield ind1="1" ind2="0" tag="245"><subfield code="a">Jefferson County republican.</subfield></datafield><datafield ind1=" " ind2=" " tag="260"><subfield code="a">De Soto, Mo. :</subfield><subfield code="b">H.A. Miller,</subfield><subfield code="c">1906-1949.</subfield></datafield><datafield ind1=" " ind2=" " tag="300"><subfield code="a">v. :</subfield><subfield code="b">ill. ;</subfield><subfield code="c">56 cm.</subfield></datafield><datafield ind1=" " ind2=" " tag="310"><subfield code="a">Weekly</subfield></datafield><datafield ind1="0" ind2=" " tag="362"><subfield code="a">Vol. 17, no. 35 (Aug. 31, 1906)-v. 61, no. 26 (June 16, 1949).</subfield></datafield><datafield ind1=" " ind2=" " tag="752"><subfield code="a">United States</subfield><subfield code="b">Missouri</subfield><subfield code="c">Jefferson</subfield><subfield code="d">De Soto.</subfield></datafield><datafield ind1="0" ind2="0" tag="780"><subfield code="t">Weekly republican (De Soto, Mo.)</subfield><subfield code="w">(DLC)sn 89067008</subfield></datafield><datafield ind1="0" ind2="5" tag="780"><subfield code="t">De Soto times</subfield><subfield code="w">(DLC)sn 89067021</subfield></datafield><datafield ind1="0" ind2="0" tag="785"><subfield code="t">Jefferson republic</subfield><subfield code="w">(DLC)sn 89067009</subfield></datafield><datafield ind1="1" ind2=" " tag="029"><subfield code="a">AU@</subfield><subfield code="b">000022170404</subfield></datafield></record>